<record><leader>00000cas a22000007a 4500</leader><controlfield tag="001">15348896</controlfield><controlfield tag="008">870320d190719uupaudn ne      0    0yid d</controlfield><datafield ind1=" " ind2=" " tag="010"><subfield code="a">sn 87080192 </subfield></datafield><datafield ind1=" " ind2=" " tag="040"><subfield code="a">NPH</subfield><subfield code="b">eng</subfield><subfield code="c">NPH</subfield><subfield code="d">OCLCQ</subfield></datafield><datafield ind1="0" ind2=" " tag="041"><subfield code="a">yideng</subfield></datafield><datafield ind1=" " ind2=" " tag="042"><subfield code="a">msc</subfield></datafield><datafield ind1="0" ind2="0" tag="245"><subfield code="a">Filadelfier morgen tseyt&#803;ung =</subfield><subfield code="b">Philadelphia Jewish morning news.</subfield></datafield><datafield ind1="3" ind2="1" tag="246"><subfield code="a">Philadelphia Jewish morning news</subfield></datafield><datafield ind1="3" ind2="0" tag="246"><subfield code="a">Morgen tseyt&#803;ung</subfield></datafield><datafield ind1="1" ind2="3" tag="246"><subfield code="a">Philadelphia morgen zeitung</subfield></datafield><datafield ind1=" " ind2=" " tag="260"><subfield code="a">Philadelphia [Pa.] :</subfield><subfield code="b">Oser Bros.,</subfield><subfield code="c">1907-</subfield></datafield><datafield ind1=" " ind2=" " tag="300"><subfield code="a">v. :</subfield><subfield code="b">ill. (chiefly advertisements) ;</subfield><subfield code="c">54 cm.</subfield></datafield><datafield ind1=" " ind2=" " tag="310"><subfield code="a">Daily (except Sat.)</subfield></datafield><datafield ind1="0" ind2=" " tag="362"><subfield code="a">Vol. 1, no. 1 (Jan. 27, 1907)-</subfield></datafield><datafield ind1="8" ind2=" " tag="521"><subfield code="a">"The only Jewish daily paper printed and published in Philadelphia."</subfield></datafield><datafield ind1=" " ind2=" " tag="546"><subfield code="a">In Yiddish, with some English.</subfield></datafield><datafield ind1=" " ind2=" " tag="752"><subfield code="a">United States</subfield><subfield code="b">Pennsylvania</subfield><subfield code="c">Philadelphia</subfield><subfield code="d">Philadelphia.</subfield></datafield></record>